@book{Federer,
author = {H. Federer},
isbn = {978-3-540-60656-7},
pages = {694},
publisher = {Springer-Verlag, 1969},
title = {{Geometric Mesure Theory}}
}
@book{Jarnicki,
author = {M. Jarnicki},
publisher = {Wykład prowadzony na Uniwersytecie Jagiellońskim w latach 2020-2021},
title = {{Notatki do wykładu z analizy matematycznej}}
}
@book{Tworzewski,
author = {P. Tworzewski},
publisher = {Wykład prowadzony na Uniwersytecie Jagiellońskim w latach 2021-2022},
title = {{Notatki do wykładu z analizy matematycznej}}
}